%% This BibTeX bibliography file was created using BibDesk.
%% http://bibdesk.sourceforge.net/

%% Created for Matthias Steiner at 2019-12-01 22:11:59 +0100 


%% Saved with string encoding Unicode (UTF-8) 



@book{haversine,
	Address = {Princeton and Oxfordshire},
	Author = {Van Brummelen, G.},
	Date-Added = {2019-12-01 21:22:13 +0100},
	Date-Modified = {2019-12-01 21:26:34 +0100},
	Publisher = {Princeton University Press},
	Title = {Heavenly Mathematics. The forgotten Art of Spherical Trigonometry},
	Year = {2013}}

@book{imbalance,
	Address = {Cham, Switzerland},
	Author = {Fern{\'a}ndez, A. and Garc{\'\i}a, S. and Galar, M. and Prati, R. C. and Krawczyk, B. and Herrera, F.},
	Date-Added = {2019-12-01 20:12:42 +0100},
	Date-Modified = {2019-12-01 20:15:50 +0100},
	Doi = {https://doi.org/10.1007/978-3-319-98074-4},
	Publisher = {Springer},
	Title = {Learning from Imbalanced Data Sets},
	Year = {2018}}

@book{James,
	Address = {New York Heidelberg Dordrecht London},
	Author = {James, G. and Witten, D. and Hastie, T. and Tibshirani, R.},
	Date-Added = {2019-12-01 13:01:21 +0100},
	Date-Modified = {2019-12-01 13:10:24 +0100},
	Edition = {8th},
	Publisher = {Springer},
	Title = {An Introduction to Statistical Learning. with Applications in R},
	Year = {2017}}
